<collection xmlns="http://www.loc.gov/MARC21/slim">
<record>
  <leader>01965nam0a22003371i 450 </leader>
  <controlfield tag="001">IT\ICCU\CNCE\066944</controlfield>
  <controlfield tag="005">20060913000000.0</controlfield>
  <datafield tag="012" ind1=" " ind2=" ">
    <subfield code="a">o-o- o-62 t.t. sute (3) 1568 (R)</subfield>
    <subfield code="2">fei</subfield>
  </datafield>
  <datafield tag="100" ind1=" " ind2=" ">
    <subfield code="a">20060907d1568        0itac0103    ba</subfield>
  </datafield>
  <datafield tag="101" ind1=" " ind2=" ">
    <subfield code="a">LAT</subfield>
  </datafield>
  <datafield tag="102" ind1=" " ind2=" ">
    <subfield code="a">IT</subfield>
  </datafield>
  <datafield tag="200" ind1="1" ind2=" ">
    <subfield code="a">Summula Raymundi, septem sacramenta ecclesiastica ingenios ̈complectens. Commentariis, ac succulentis glossis, scientifici viri magistri Ioannis Chappuis explanata atque enucleata. Supradictis haec adduntur. De furtis &amp; spoliis. De vsuris. De sacrilegijs. De simonia. De censuris ecclesiasticis. De sortilegijs. De sepulturis</subfield>
  </datafield>
  <datafield tag="210" ind1=" " ind2=" ">
    <subfield code="a">Venetiis</subfield>
    <subfield code="c">apud Petrum de Alexandris</subfield>
    <subfield code="d">1568</subfield>
    <subfield code="e">Venetiis</subfield>
    <subfield code="g">apud Iacobum Simbenum</subfield>
    <subfield code="h">1568</subfield>
  </datafield>
  <datafield tag="215" ind1=" " ind2=" ">
    <subfield code="a">\40!, 831, \1! p.</subfield>
    <subfield code="d">8ʻ</subfield>
  </datafield>
  <datafield tag="620" ind1=" " ind2=" ">
    <subfield code="a">IT</subfield>
    <subfield code="d">Venezia</subfield>
  </datafield>
  <datafield tag="700" ind1=" " ind2="0">
    <subfield code="a">Ramon</subfield>
    <subfield code="c"> : de#Penyafort</subfield>
    <subfield code="c"> &lt;santo&gt;</subfield>
    <subfield code="3">IT\ICCU\CNCA\012756</subfield>
  </datafield>
  <datafield tag="702" ind1=" " ind2="1">
    <subfield code="a">Chappuis,</subfield>
    <subfield code="b">Jean</subfield>
    <subfield code="3">IT\ICCU\CNCA\018303</subfield>
  </datafield>
  <datafield tag="712" ind1="0" ind2="0">
    <subfield code="a">Alessandri, Pietro</subfield>
    <subfield code="3">IT\ICCU\CNCT\006076</subfield>
    <subfield code="4">650</subfield>
  </datafield>
  <datafield tag="712" ind1="0" ind2="0">
    <subfield code="a">Simbeni, Giacomo</subfield>
    <subfield code="3">IT\ICCU\CNCT\001106</subfield>
    <subfield code="4">650</subfield>
  </datafield>
  <datafield tag="790" ind1=" " ind2="0">
    <subfield code="a">Raymundus</subfield>
    <subfield code="c"> : de#Pennaforte</subfield>
    <subfield code="c"> &lt;santo&gt;</subfield>
    <subfield code="3">IT\ICCU\CNCA\008865</subfield>
    <subfield code="z">Ramon : de#Penyafort &lt;santo&gt;</subfield>
  </datafield>
  <datafield tag="790" ind1=" " ind2="0">
    <subfield code="a">Raymond</subfield>
    <subfield code="c"> : de#Peąfort</subfield>
    <subfield code="c"> &lt;Saint&gt;</subfield>
    <subfield code="3">IT\ICCU\CNCA\023413</subfield>
    <subfield code="z">Ramon : de#Penyafort &lt;santo&gt;</subfield>
  </datafield>
  <datafield tag="790" ind1=" " ind2="0">
    <subfield code="a">Raymundus</subfield>
    <subfield code="c"> : a#Penia Fort</subfield>
    <subfield code="3">IT\ICCU\CNCA\023414</subfield>
    <subfield code="z">Ramon : de#Penyafort &lt;santo&gt;</subfield>
  </datafield>
  <datafield tag="790" ind1=" " ind2="1">
    <subfield code="a">Chappuys,</subfield>
    <subfield code="b">Jean</subfield>
    <subfield code="3">IT\ICCU\CNCA\018304</subfield>
    <subfield code="z">Chappuis, Jean</subfield>
  </datafield>
  <datafield tag="790" ind1=" " ind2="1">
    <subfield code="a">Chapuis,</subfield>
    <subfield code="b">Jean</subfield>
    <subfield code="3">IT\ICCU\CNCA\028078</subfield>
    <subfield code="z">Chappuis, Jean</subfield>
  </datafield>
  <datafield tag="791" ind1="0" ind2="0">
    <subfield code="a">Simbenus, Iacobus</subfield>
    <subfield code="3">IT\ICCU\CNCT\005668</subfield>
    <subfield code="z">Simbeni, Giacomo</subfield>
  </datafield>
  <datafield tag="791" ind1="0" ind2="0">
    <subfield code="a">Simbenius, Iacobus</subfield>
    <subfield code="3">IT\ICCU\CNCT\005669</subfield>
    <subfield code="z">Simbeni, Giacomo</subfield>
  </datafield>
  <datafield tag="791" ind1="0" ind2="0">
    <subfield code="a">Symbaenus, Iacobus</subfield>
    <subfield code="3">IT\ICCU\CNCT\005670</subfield>
    <subfield code="z">Simbeni, Giacomo</subfield>
  </datafield>
  <datafield tag="801" ind1=" " ind2="3">
    <subfield code="a">IT</subfield>
    <subfield code="b">ICCU</subfield>
    <subfield code="c">20201115</subfield>
  </datafield>
  <datafield tag="899" ind1=" " ind2=" ">
    <subfield code="a">Biblioteca del Clero di S. Alessandro in Colonna (depositata presso Bibl. mons. G.M. Radini Tedeschi). Bergamo</subfield>
    <subfield code="1">BG0043</subfield>
    <subfield code="2">LO1 56</subfield>
  </datafield>
  <datafield tag="899" ind1=" " ind2=" ">
    <subfield code="a">Biblioteca Estense Universitaria. Modena</subfield>
    <subfield code="1">MO0089</subfield>
    <subfield code="2">MOD BE</subfield>
  </datafield>
  <datafield tag="899" ind1=" " ind2=" ">
    <subfield code="a">Biblioteca dell&apos;Accademia Alfonsiana. Roma</subfield>
    <subfield code="1">RM0271</subfield>
    <subfield code="2">ZRM 03</subfield>
  </datafield>
</record>
</collection>
